@online{MUI1,
  author       = {MUI},
  title        = {{MUI.Accordion}---MUI{,} Accrordion},
  year         = {2017},
  url          = {https://mui.com/material-ui/react-accordion/},
  urldate      = {2023-03-25},
  language     = {russian}@online{MUI1,
  author       = {MUI},
  title        = {{MUI.Accordion}---MUI{,} Accrordion},
  year         = {2017},
  url          = {https://mui.com/material-ui/react-accordion/},
  urldate      = {2023-03-25},
  language     = {russian}
}

@inproceedings{suzanti2020rest,
  title={REST API implementation on android based monitoring application},
  author={Suzanti, Ika Oktavia and Fitriani, Nurhayati and Jauhari, Ahmad and Khozaimi, Ach},
  booktitle={Journal of Physics: Conference Series},
  volume={1569},
  number={2},
  pages={022088},
  year={2020},
  organization={IOP Publishing}
}