
@book{MAUI,
  title         = {Enterprise Application Patterns Using .NET MAUI},
  publisher     = {Microsoft Developer Division},
  author        = {Michael Stonis},
  year          = 2022,
  pagetotal     = 101,
  edition       = 1,
  language      = {english}
}

@book{React,
  title         = {Learning React Native: Building Native Mobile Apps with JavaScript},
  publisher     = {O'Reilly Media},
  author        = {Bonnie Eisenman},
  year          = 2017,
  pagetotal     = 240,
  edition       = 2,
  language      = {english}
}

@book{Flutter,
  title         = {Flutter for Beginners: An introductory guide to building cross-platform mobile applications},
  publisher     = {Packt Publishing},
  author        = {Alessandro Biessek},
  year          = 2019,
  pagetotal     = 512,
  edition       = 1,
  language      = {english}
}

@book{MVVM,
  title         = {Mastering Windows Presentation Foundation},
  publisher     = {Packt Publishing},
  author        = {Sheridan Yuen},
  year          = 2017,
  pagetotal     = 570,
  edition       = 1,
  language      = {english}
}

@book{SQLite,
  title         = {The Definitive Guide to SQLite},
  publisher     = {Apress},
  author        = {Mike Owens},
  year          = 2006,
  pagetotal     = 461,
  edition       = 1,
  language      = {english}
}

@book{REST,
  title         = {RESTful Java Web Services: A pragmatic guide to designing and building RESTful APIs},
  publisher     = {Packt Publishing},
  author        = {Bogunuva Mohanram Balachandar},
  year          = 2017,
  pagetotal     = 420,
  edition       = 3,
  language      = {english}
}

@book{Realm,
  title         = {Realm: Building Modern Swift Apps with Realm Database},
  publisher     = {Razeware LLC},
  author        = {Marin Todorov},
  year          = 2019,
  pagetotal     = 307,
  edition       = 2,
  language      = {english}
}

@book{Couchbase,
  title         = {Couchbase Essentials},
  publisher     = {Packt Publishing},
  author        = {John Zablocki},
  year          = 2015,
  pagetotal     = 170,
  edition       = 1,
  language      = {english}
}


