@article{11,
  title={Организация отделений неотложной медицинской помощи взрослому населению Москвы},
  author={Безымянный, Алексей Сергеевич and Хальфин, Руслан Альбертович},
  journal={Проблемы стандартизации в здравоохранении},
  pages={29--32},
  year={2015},
  publisher={Общество с ограниченной ответственностью {\guillemotleft}Медико-технологическое предприятие~…}
}
@article{12,
  title={Организация неотложной медицинской помощи в медицинских организациях Челябинской области},
  author={Москвичева, М Г and Ильичева, О Е and Щепилина, Е С},
  journal={Непрерывное медицинское образование и наука},
  pages={20--31},
  year={2016},
  publisher={федеральное государственное бюджетное образовательное учреждение высшего~…}
}
@article{13,
  title={О круглосуточных бригадах службы скорой медицинской помощи},
  author={Брынза, Н С and Сульдин, Александр Михайлович and Салманов, Ю М},
  journal={Проблемы социальной гигиены, здравоохранения и истории медицины},
  pages={295--297},
  year={2017},
  publisher={ОАО {\guillemotleft}Издательство {\guillemotleft}Медицина{\guillemotright}}
}

@article{21,
  title={Stages-based ECG signal analysis from traditional signal processing to machine learning approaches: a survey},
  author={Wasimuddin, Muhammad and Elleithy, Khaled and Abuzneid, Abdel-Shakour and Faezipour, Miad and Abuzaghleh, Omar},
  journal={IEEE Access},
  year={2020},
  publisher={IEEE}
}
@book{31,
  title={Computer vision},
  author={Shapiro, Linda G and Stockman, George C},
  year={2001},
  publisher={Pearson},
  language={english}
}
@book{32,
  title={Computer vision: a modern approach},
  author={Forsyth, David A and Ponce, Jean},
  year={2002},
  publisher={prentice hall professional technical reference},
  language={english}
}
@article{36,
  title={An introduction to convolutional neural networks},
  author={O'Shea, Keiron and Nash, Ryan},
  journal={arXiv preprint arXiv:1511.08458},
  year={2015}
}
@book{35,
  title={Image processing: the fundamentals},
  author={Petrou, Maria MP and Petrou, Costas},
  year={2010},
  publisher={John Wiley \& Sons}
}

@article{33,
  title={OpenCV},
  author={Bradski, Gary and Kaehler, Adrian and others},
  journal={Dr. Dobb’s journal of software tools},
  year={2000},
  language={english}
}
@book{34,
  title={Learning image processing with OpenCV},
  author={Suarez, Gloria Bueno Garc{\'\i}a Oscar Deniz},
  year={2013}
}
@article{22,
  title={Азбука ЭКГ и боли в сердце},
  author={Зудбинов, Юрий Иванович},
  year={2011},
  publisher={Феникс}
}
@book{55,
  title={Digital image processing},
  author={Castleman, Kenneth R},
  year={1996},
  publisher={Prentice Hall Press}
}









































