@article{Article,
  title        = {Ссылка на статью},
  author       = {А. Автор},
  year         = 2020,
  journal      = {Невероятный},
  volume       = {2},
  number       = 4,
  pages        = {561--569},
  doi          = {10.1109/PGEC.1965.263996},
  language     = {russian}
}

@online{NEMSES,
  % author       = {A. Office of Emergency Medical Services},
  title        = {Office of Emergency Medical Service. NATIONAL EMERGENCY MEDICAL SERVICES EDUCATION STANDARDS},
  year         = {2021},
  url          = {https://www.ems.gov/assets/EMS_Education-Standards_2021_FNL.pdf},
  urldate      = {2023-05-10},
  language     = {english}
}

@online{NEMSSPM,
  journal       = {Office of Emergency Medical Services},
  title        = {Office of Emergency Medical Services. National EMS Scope of Practice Model},
  year         = {2023},
  url          = {https://www.ems.gov/national-ems-scope-of-practice-model/},
  urldate      = {2023-05-10},
  language     = {english}
}

@online{JRCALC,
  journal       = {JRCALC},
  title        = {JRCALC. Guidelines},
  year         = {2023},
  url          = {https://www.jrcalc.org.uk/guidelines/},
  urldate      = {2023-05-10},
  language     = {english}
}

@online{ССМП,
  journal       = {Министерство здравоохранения Российской Федерации},
  title        = {Минздрав РФ. Стандарты скорой медицинской помощи},
  year         = {2015},
  url          = {https://minzdrav.gov.ru/ministry/61/22/stranitsa-979/stranitsa-983/3-standarty-skoroy-meditsinskoy-pomoschi},
  urldate      = {2023-05-10},
  language     = {russian}
}

@article{Стресс,
  title        = {Стрессоустойчивость медицинского персонала в период пандемии},
  author       = {Карина Андреевна Кленикова},
  year         = 2021,
  journal      = {Проблемы современного педагогического образования},
  volume       = {2},
  number       = 4,
  pages        = {404--407},
  % doi          = {10.1109/PGEC.1965.263996},
  url          = {https://cyberleninka.ru/article/n/stressoustoychivost-meditsinskogo-personala-v-period-pandemii/viewer},
  language     = {russian}
}

@online{ФедПроект,
  % author       = {Министерство здравоохранения Российской Федерации},
  title        = {Минздрав РФ. Федеральный проект <<Создание единого цифрового контура в здравоохранении на основе единой государственной информационной системы в сфере здравоохранения (ЕГИСЗ)>>},
  % journal      = {Министерство здравоохранения Российской Федерации},
  % year         = {2019},
  url          = {https://minzdrav.gov.ru/poleznye-resursy/natsproektzdravoohranenie/tsifra},
  urldate      = {2023-05-10},
  language     = {russian}
}

@online{Концепция,
  title        = {Консорциум Кодекс. Приказ от 28 апреля 2011 года N 364 <<Об утверждении концепции создания единой государственной информационной системы в сфере здравоохранения>>},
  % journal       = {Консорциум Кодекс},
  year         = {2011},
  url          = {https://docs.cntd.ru/document/902276660},
  urldate      = {2023-05-10},
  language     = {russian}
}

@online{COVID,
  journal       = {Российская газета},
  title        = {Российская газета. Сергей Морозов: Цифровой двойник пациента поможет врачу поставить точный диагноз},
  year         = {2022},
  url          = {https://rg.ru/2022/02/15/sergej-morozov-cifrovoj-dvojnik-pacienta-pomozhet-vrachu-postavit-tochnyj-diagnoz.html},
  urldate      = {2023-05-10},
  language     = {russian}
}

@online{ПриказКарт,
  journal       = {Гарант},
  title        = {Гарант. Приказ Министерства здравоохранения и социального развития РФ от 2 декабря 2009 г. N 942 <<Об утверждении статистического инструментария станции (отделения), больницы скорой медицинской помощи>>},
  year         = {2010},
  url          = {https://rg.ru/2022/02/15/sergej-morozov-cifrovoj-dvojnik-pacienta-pomozhet-vrachu-postavit-tochnyj-diagnoz.html},
  urldate      = {2023-05-10},
  language     = {russian}
}

@online{КоличествоСайтов,
  journal       = {W3Techs - World Wide Web Technology Surveys},
  title        = {W3Techs. Usage statistics of JavaScript libraries for websites},
  % year         = {2023},
  url          = {https://w3techs.com/technologies/overview/javascript_library},
  urldate      = {2023-05-10},
  language     = {english}
}


