
@article{1,
  title={Document analysis of PDF files: methods, results and implications},
  author={Lovegrove, William S and Brailsford, David F},
  journal={Electronic Publishing--Origination, Dissemination and Design},
  volume={8},
  number={3},
  year={1995}
}

@article{2,
  title={Организация отделений неотложной медицинской помощи взрослому населению Москвы},
  author={Безымянный, Алексей Сергеевич and Хальфин, Руслан Альбертович},
  journal={Проблемы стандартизации в здравоохранении},
  number={9-10},
  pages={29--32},
  year={2015},
  publisher={Общество с ограниченной ответственностью {\guillemotleft}Медико-технологическое предприятие~…}
}

@book{js1,
  title={Beginning JavaScript},
  author={Wilton, Paul},
  year={2004},
  publisher={John Wiley \& Sons}
}
@article{js2,
  title={JavaScript},
  author={Крокфорд, Дуглас},
  year={2012},
  publisher={Питер}
}
@book{js3,
  title={JavaScript: The Good Parts: The Good Parts},
  author={Crockford, Douglas},
  year={2008},
  publisher={O'Reilly Media, Inc.}
}

@book{py1,
  title={Programming python},
  author={Lutz, Mark},
  year={2001},
  publisher={O'Reilly Media, Inc.}
}
@book{py2,
  title={An introduction to Python},
  author={Van Rossum, Guido and Drake, Fred L},
  year={2003},
  publisher={Network Theory Ltd. Bristol}
}
@article{py3,
  title={Pingouin: statistics in Python.},
  author={Vallat, Raphael},
  journal={J. Open Source Softw.},
  volume={3},
  number={31},
  pages={1026},
  year={2018}
}
@inproceedings{fpdf,
  title={An approach for generating product catalogues in PDF format},
  author={Cholakov, Nikolaj},
  booktitle={Proceedings of the 2007 international conference on Computer systems and technologies},
  pages={1--5},
  year={2007}
}

@article{3,
  title={Сравнительный анализ библиотек генерации отчетов в веб-ориентированных информационных системах},
  author={Сова, ЕВ and Рыбанов, АА},
  journal={Международный журнал прикладных и фундаментальных исследований},
  number={7},
  pages={167},
  year={2012}
}

@article{4,
  title={The C++ standard library: a tutorial and reference},
  author={Josuttis, Nicolai M},
  year={2012},
  publisher={Addison-Wesley}
}

@inproceedings{5,
  title={An overview of C++},
  author={Stroustrup, Bjarne},
  booktitle={Proceedings of the 1986 SIGPLAN workshop on Object-oriented programming},
  pages={7--18},
  year={1986}
}

@book{6,
  title={The C\# programming language},
  author={Hejlsberg, Anders and Torgersen, Mads and Wiltamuth, Scott and Golde, Peter},
  year={2008},
  publisher={Pearson Education}
}

@book{7,
  title={C\# in Depth},
  author={Skeet, Jonathan},
  year={2019},
  publisher={Simon and Schuster}
}

@book{8,
  title={The Java programming language},
  author={Arnold, Ken and Gosling, James and Holmes, David},
  year={2005},
  publisher={Addison Wesley Professional}
}







